%YAML 1.1
%TAG !u! tag:unity3d.com,2011:
--- !u!1001 &100100000
Prefab:
  m_ObjectHideFlags: 1
  serializedVersion: 2
  m_Modification:
    m_TransformParent: {fileID: 0}
    m_Modifications: []
    m_RemovedComponents: []
  m_SourcePrefab: {fileID: 0}
  m_RootGameObject: {fileID: 1151378640089908}
  m_IsPrefabAsset: 1
--- !u!1 &1108018154750292
GameObject:
  m_ObjectHideFlags: 0
  m_CorrespondingSourceObject: {fileID: 0}
  m_PrefabInternal: {fileID: 100100000}
  serializedVersion: 6
  m_Component:
  - component: {fileID: 4053742228139878}
  - component: {fileID: 114445158408775748}
  - component: {fileID: 114097726905736782}
  m_Layer: 0
  m_Name: Obi Handle
  m_TagString: Untagged
  m_Icon: {fileID: 0}
  m_NavMeshLayer: 0
  m_StaticEditorFlags: 0
  m_IsActive: 1
--- !u!1 &1151378640089908
GameObject:
  m_ObjectHideFlags: 0
  m_CorrespondingSourceObject: {fileID: 0}
  m_PrefabInternal: {fileID: 100100000}
  serializedVersion: 6
  m_Component:
  - component: {fileID: 4773856634238424}
  - component: {fileID: 114440533115666408}
  - component: {fileID: 114268317591337608}
  - component: {fileID: 114585334994174356}
  - component: {fileID: 114615763897725698}
  - component: {fileID: 114679640358378184}
  - component: {fileID: 114871665618114194}
  - component: {fileID: 23872600471052610}
  - component: {fileID: 33135637125596122}
  - component: {fileID: 114469368756591768}
  - component: {fileID: 114151823884846390}
  - component: {fileID: 114063343556972796}
  m_Layer: 0
  m_Name: mRNA Obi Rope
  m_TagString: Untagged
  m_Icon: {fileID: 0}
  m_NavMeshLayer: 0
  m_StaticEditorFlags: 0
  m_IsActive: 0
--- !u!1 &1740167583521996
GameObject:
  m_ObjectHideFlags: 0
  m_CorrespondingSourceObject: {fileID: 0}
  m_PrefabInternal: {fileID: 100100000}
  serializedVersion: 6
  m_Component:
  - component: {fileID: 4776434324314106}
  - component: {fileID: 33974071506371102}
  - component: {fileID: 23701761526152380}
  - component: {fileID: 65150627843279900}
  - component: {fileID: 54757594476164276}
  - component: {fileID: 114291790430529582}
  - component: {fileID: 114752859291175830}
  m_Layer: 0
  m_Name: Cube
  m_TagString: Untagged
  m_Icon: {fileID: 0}
  m_NavMeshLayer: 0
  m_StaticEditorFlags: 0
  m_IsActive: 1
--- !u!4 &4053742228139878
Transform:
  m_ObjectHideFlags: 1
  m_CorrespondingSourceObject: {fileID: 0}
  m_PrefabInternal: {fileID: 100100000}
  m_GameObject: {fileID: 1108018154750292}
  m_LocalRotation: {x: -0, y: -0, z: -0, w: 1}
  m_LocalPosition: {x: 0, y: 0, z: 0}
  m_LocalScale: {x: 1, y: 1, z: 1}
  m_Children: []
  m_Father: {fileID: 4773856634238424}
  m_RootOrder: 1
  m_LocalEulerAnglesHint: {x: 0, y: 0, z: 0}
--- !u!4 &4773856634238424
Transform:
  m_ObjectHideFlags: 1
  m_CorrespondingSourceObject: {fileID: 0}
  m_PrefabInternal: {fileID: 100100000}
  m_GameObject: {fileID: 1151378640089908}
  m_LocalRotation: {x: -0, y: -0, z: -0, w: 1}
  m_LocalPosition: {x: 0, y: -5, z: -10}
  m_LocalScale: {x: 1, y: 1, z: 1}
  m_Children:
  - {fileID: 4776434324314106}
  - {fileID: 4053742228139878}
  m_Father: {fileID: 0}
  m_RootOrder: 0
  m_LocalEulerAnglesHint: {x: 0, y: 0, z: 0}
--- !u!4 &4776434324314106
Transform:
  m_ObjectHideFlags: 1
  m_CorrespondingSourceObject: {fileID: 0}
  m_PrefabInternal: {fileID: 100100000}
  m_GameObject: {fileID: 1740167583521996}
  m_LocalRotation: {x: -0, y: -0, z: -0, w: 1}
  m_LocalPosition: {x: -1.057, y: 0, z: 0}
  m_LocalScale: {x: 0.05, y: 0.05, z: 0.05}
  m_Children: []
  m_Father: {fileID: 4773856634238424}
  m_RootOrder: 0
  m_LocalEulerAnglesHint: {x: 0, y: 0, z: 0}
--- !u!23 &23701761526152380
MeshRenderer:
  m_ObjectHideFlags: 1
  m_CorrespondingSourceObject: {fileID: 0}
  m_PrefabInternal: {fileID: 100100000}
  m_GameObject: {fileID: 1740167583521996}
  m_Enabled: 0
  m_CastShadows: 1
  m_ReceiveShadows: 1
  m_DynamicOccludee: 1
  m_MotionVectors: 1
  m_LightProbeUsage: 1
  m_ReflectionProbeUsage: 1
  m_RenderingLayerMask: 4294967295
  m_Materials:
  - {fileID: 10303, guid: 0000000000000000f000000000000000, type: 0}
  m_StaticBatchInfo:
    firstSubMesh: 0
    subMeshCount: 0
  m_StaticBatchRoot: {fileID: 0}
  m_ProbeAnchor: {fileID: 0}
  m_LightProbeVolumeOverride: {fileID: 0}
  m_ScaleInLightmap: 1
  m_PreserveUVs: 0
  m_IgnoreNormalsForChartDetection: 0
  m_ImportantGI: 0
  m_StitchLightmapSeams: 0
  m_SelectedEditorRenderState: 3
  m_MinimumChartSize: 4
  m_AutoUVMaxDistance: 0.5
  m_AutoUVMaxAngle: 89
  m_LightmapParameters: {fileID: 0}
  m_SortingLayerID: 0
  m_SortingLayer: 0
  m_SortingOrder: 0
--- !u!23 &23872600471052610
MeshRenderer:
  m_ObjectHideFlags: 1
  m_CorrespondingSourceObject: {fileID: 0}
  m_PrefabInternal: {fileID: 100100000}
  m_GameObject: {fileID: 1151378640089908}
  m_Enabled: 1
  m_CastShadows: 1
  m_ReceiveShadows: 1
  m_DynamicOccludee: 1
  m_MotionVectors: 1
  m_LightProbeUsage: 1
  m_ReflectionProbeUsage: 1
  m_RenderingLayerMask: 4294967295
  m_Materials:
  - {fileID: 2100000, guid: 6719cca0e6c4e7a4fa03a99c173e27b6, type: 2}
  m_StaticBatchInfo:
    firstSubMesh: 0
    subMeshCount: 0
  m_StaticBatchRoot: {fileID: 0}
  m_ProbeAnchor: {fileID: 0}
  m_LightProbeVolumeOverride: {fileID: 0}
  m_ScaleInLightmap: 1
  m_PreserveUVs: 0
  m_IgnoreNormalsForChartDetection: 0
  m_ImportantGI: 0
  m_StitchLightmapSeams: 0
  m_SelectedEditorRenderState: 3
  m_MinimumChartSize: 4
  m_AutoUVMaxDistance: 0.5
  m_AutoUVMaxAngle: 89
  m_LightmapParameters: {fileID: 0}
  m_SortingLayerID: 0
  m_SortingLayer: 0
  m_SortingOrder: 0
--- !u!33 &33135637125596122
MeshFilter:
  m_ObjectHideFlags: 1
  m_CorrespondingSourceObject: {fileID: 0}
  m_PrefabInternal: {fileID: 100100000}
  m_GameObject: {fileID: 1151378640089908}
  m_Mesh: {fileID: 0}
--- !u!33 &33974071506371102
MeshFilter:
  m_ObjectHideFlags: 1
  m_CorrespondingSourceObject: {fileID: 0}
  m_PrefabInternal: {fileID: 100100000}
  m_GameObject: {fileID: 1740167583521996}
  m_Mesh: {fileID: 10202, guid: 0000000000000000e000000000000000, type: 0}
--- !u!54 &54757594476164276
Rigidbody:
  m_ObjectHideFlags: 1
  m_CorrespondingSourceObject: {fileID: 0}
  m_PrefabInternal: {fileID: 100100000}
  m_GameObject: {fileID: 1740167583521996}
  serializedVersion: 2
  m_Mass: 1
  m_Drag: 5
  m_AngularDrag: 1
  m_UseGravity: 0
  m_IsKinematic: 0
  m_Interpolate: 0
  m_Constraints: 0
  m_CollisionDetection: 0
--- !u!65 &65150627843279900
BoxCollider:
  m_ObjectHideFlags: 1
  m_CorrespondingSourceObject: {fileID: 0}
  m_PrefabInternal: {fileID: 100100000}
  m_GameObject: {fileID: 1740167583521996}
  m_Material: {fileID: 0}
  m_IsTrigger: 0
  m_Enabled: 1
  serializedVersion: 2
  m_Size: {x: 1, y: 1, z: 1}
  m_Center: {x: 0, y: 0, z: 0}
--- !u!114 &114063343556972796
MonoBehaviour:
  m_ObjectHideFlags: 1
  m_CorrespondingSourceObject: {fileID: 0}
  m_PrefabInternal: {fileID: 100100000}
  m_GameObject: {fileID: 1151378640089908}
  m_Enabled: 1
  m_EditorHideFlags: 0
  m_Script: {fileID: 11500000, guid: 005e1c59e4091aa478d7352719788b70, type: 3}
  m_Name: 
  m_EditorClassIdentifier: 
  cursor: {fileID: 114151823884846390}
  rope: {fileID: 114679640358378184}
  minLength: 0.1
  handle: {fileID: 114097726905736782}
  isGrowing: 0
  renderer: {fileID: 23872600471052610}
--- !u!114 &114097726905736782
MonoBehaviour:
  m_ObjectHideFlags: 1
  m_CorrespondingSourceObject: {fileID: 0}
  m_PrefabInternal: {fileID: 100100000}
  m_GameObject: {fileID: 1108018154750292}
  m_Enabled: 1
  m_EditorHideFlags: 0
  m_Script: {fileID: 11500000, guid: 5e55b0b9677613349b42ab7076eb9163, type: 3}
  m_Name: 
  m_EditorClassIdentifier: 
  mRNAController: {fileID: 114063343556972796}
--- !u!114 &114151823884846390
MonoBehaviour:
  m_ObjectHideFlags: 1
  m_CorrespondingSourceObject: {fileID: 0}
  m_PrefabInternal: {fileID: 100100000}
  m_GameObject: {fileID: 1151378640089908}
  m_Enabled: 1
  m_EditorHideFlags: 0
  m_Script: {fileID: 11500000, guid: 5b98f02d6176a4d88a3bd7dc87d9a6d9, type: 3}
  m_Name: 
  m_EditorClassIdentifier: 
  normalizedCoord: 0
  direction: 1
--- !u!114 &114268317591337608
MonoBehaviour:
  m_ObjectHideFlags: 1
  m_CorrespondingSourceObject: {fileID: 0}
  m_PrefabInternal: {fileID: 100100000}
  m_GameObject: {fileID: 1151378640089908}
  m_Enabled: 1
  m_EditorHideFlags: 0
  m_Script: {fileID: 11500000, guid: ace78e748fafc46e2bcce5cf7c83f4df, type: 3}
  m_Name: 
  m_EditorClassIdentifier: 
  visualize: 0
  maxBending: 0
  stiffness: 1
  batches:
  - maxYoungModulus: 2.5e+10
    minYoungModulus: 100
    constraintCount: 9
    cooked: 0
    sharesParticles: 0
    activeConstraints: 000000000100000002000000030000000400000005000000060000000700000008000000
    phaseSizes: 
    bendingIndices: 000000000200000001000000010000000300000002000000020000000400000003000000030000000500000004000000040000000600000005000000050000000700000006000000060000000800000007000000070000000900000008000000080000000a00000009000000
    restBends:
    - 0
    - 0
    - 0
    - 0
    - 0
    - 0
    - 0
    - 0
    - 0
    bendingStiffnesses:
    - {x: 0, y: 1}
    - {x: 0, y: 1}
    - {x: 0, y: 1}
    - {x: 0, y: 1}
    - {x: 0, y: 1}
    - {x: 0, y: 1}
    - {x: 0, y: 1}
    - {x: 0, y: 1}
    - {x: 0, y: 1}
--- !u!114 &114291790430529582
MonoBehaviour:
  m_ObjectHideFlags: 1
  m_CorrespondingSourceObject: {fileID: 0}
  m_PrefabInternal: {fileID: 100100000}
  m_GameObject: {fileID: 1740167583521996}
  m_Enabled: 1
  m_EditorHideFlags: 0
  m_Script: {fileID: 11500000, guid: 6757b231cedd544c583ef8aeaf773b2a, type: 3}
  m_Name: 
  m_EditorClassIdentifier: 
  material: {fileID: 0}
  phase: 0
  thickness: 0
  sourceCollider: {fileID: 65150627843279900}
  useDistanceFields: 0
  distanceField: {fileID: 0}
--- !u!114 &114440533115666408
MonoBehaviour:
  m_ObjectHideFlags: 1
  m_CorrespondingSourceObject: {fileID: 0}
  m_PrefabInternal: {fileID: 100100000}
  m_GameObject: {fileID: 1151378640089908}
  m_Enabled: 1
  m_EditorHideFlags: 0
  m_Script: {fileID: 11500000, guid: 0a146e95606ea44239b6ebf927418fb6, type: 3}
  m_Name: 
  m_EditorClassIdentifier: 
  visualize: 0
  stretchingScale: 1
  stiffness: 1
  slack: 0
  batches:
  - maxYoungModulus: 2.5e+10
    minYoungModulus: 100
    constraintCount: 10
    cooked: 0
    sharesParticles: 0
    activeConstraints: 00000000010000000200000003000000040000000500000006000000070000000800000009000000
    phaseSizes: 
    springIndices: 000000000100000001000000020000000200000003000000030000000400000004000000050000000500000006000000060000000700000007000000080000000800000009000000090000000a000000
    restLengths:
    - 0.1
    - 0.1
    - 0.1
    - 0.1
    - 0.1
    - 0.1
    - 0.1
    - 0.1
    - 0.1
    - 0.1
    stiffnesses:
    - {x: 1, y: 1}
    - {x: 1, y: 1}
    - {x: 1, y: 1}
    - {x: 1, y: 1}
    - {x: 1, y: 1}
    - {x: 1, y: 1}
    - {x: 1, y: 1}
    - {x: 1, y: 1}
    - {x: 1, y: 1}
    - {x: 1, y: 1}
--- !u!114 &114445158408775748
MonoBehaviour:
  m_ObjectHideFlags: 1
  m_CorrespondingSourceObject: {fileID: 0}
  m_PrefabInternal: {fileID: 100100000}
  m_GameObject: {fileID: 1108018154750292}
  m_Enabled: 1
  m_EditorHideFlags: 0
  m_Script: {fileID: 11500000, guid: 61b0db048acbd4a80aeae1182ba43ee5, type: 3}
  m_Name: 
  m_EditorClassIdentifier: 
  fixOrientations: 1
  actor: {fileID: 114679640358378184}
  handledParticleIndices: 0a000000
  handledParticlePositions:
  - {x: 0, y: 0, z: 0}
  handledParticleOrientations: []
  handledParticleInvMasses:
  - 10
  handledParticleInvRotMasses: []
--- !u!114 &114469368756591768
MonoBehaviour:
  m_ObjectHideFlags: 1
  m_CorrespondingSourceObject: {fileID: 0}
  m_PrefabInternal: {fileID: 100100000}
  m_GameObject: {fileID: 1151378640089908}
  m_Enabled: 1
  m_EditorHideFlags: 0
  m_Script: {fileID: 11500000, guid: b21e397ce937c400c97c44116aa7888d, type: 3}
  m_Name: 
  m_EditorClassIdentifier: 
  uvAnchor: 0
  uvScale: {x: 1, y: 1}
  normalizeV: 1
  section: {fileID: 11400000, guid: a12fab338b6cc450daae6f6c041fef86, type: 2}
  sectionTwist: 0
  sectionThicknessScale: 0.8
--- !u!114 &114585334994174356
MonoBehaviour:
  m_ObjectHideFlags: 1
  m_CorrespondingSourceObject: {fileID: 0}
  m_PrefabInternal: {fileID: 100100000}
  m_GameObject: {fileID: 1151378640089908}
  m_Enabled: 1
  m_EditorHideFlags: 0
  m_Script: {fileID: 11500000, guid: 5bc07a3deaaa34d18b286d77893020c9, type: 3}
  m_Name: 
  m_EditorClassIdentifier: 
  visualize: 1
  tetherScale: 1
  stiffness: 1
  batches: []
--- !u!114 &114615763897725698
MonoBehaviour:
  m_ObjectHideFlags: 1
  m_CorrespondingSourceObject: {fileID: 0}
  m_PrefabInternal: {fileID: 100100000}
  m_GameObject: {fileID: 1151378640089908}
  m_Enabled: 1
  m_EditorHideFlags: 0
  m_Script: {fileID: 11500000, guid: a4e1d0281a5614bc6ac2112ddce068c3, type: 3}
  m_Name: 
  m_EditorClassIdentifier: 
  visualize: 0
  stiffness: 1
  batches:
  - maxYoungModulus: 2.5e+10
    minYoungModulus: 0
    constraintCount: 1
    cooked: 0
    sharesParticles: 0
    activeConstraints: 00000000
    phaseSizes: 
    pinIndices: 00000000
    pinBodies:
    - {fileID: 114291790430529582}
    pinOffsets:
    - {x: 1.1400008, y: 0, z: 0, w: 0}
    restDarbouxVectors:
    - {x: 0, y: 0, z: 0, w: 1}
    stiffnesses:
    - 0
    pinBreakResistance:
    - 3.4028235e+38
--- !u!114 &114679640358378184
MonoBehaviour:
  m_ObjectHideFlags: 1
  m_CorrespondingSourceObject: {fileID: 0}
  m_PrefabInternal: {fileID: 100100000}
  m_GameObject: {fileID: 1151378640089908}
  m_Enabled: 1
  m_EditorHideFlags: 0
  m_Script: {fileID: 11500000, guid: 7b0ff3a4f8c74454aada3576e59653fb, type: 3}
  m_Name: 
  m_EditorClassIdentifier: 
  solver: {fileID: 0}
  collisionMaterial: {fileID: 11400000, guid: b231b678223e044588ce32ebccbe77f3, type: 2}
  selfCollisions: 0
  active: 010101010101010101010100000000000000000000
  positions:
  - {x: -1, y: 0, z: 0}
  - {x: -0.9001639, y: 0, z: 0}
  - {x: -0.8000725, y: 0, z: 0}
  - {x: -0.7000611, y: 0, z: 0}
  - {x: -0.60003555, y: 0, z: 0}
  - {x: -0.5, y: 0, z: 0}
  - {x: -0.39996436, y: 0, z: 0}
  - {x: -0.29993892, y: 0, z: 0}
  - {x: -0.19992758, y: 0, z: 0}
  - {x: -0.09983608, y: 0, z: 0}
  - {x: 0, y: 0, z: 0}
  - {x: 0, y: 0, z: 0}
  - {x: 0, y: 0, z: 0}
  - {x: 0, y: 0, z: 0}
  - {x: 0, y: 0, z: 0}
  - {x: 0, y: 0, z: 0}
  - {x: 0, y: 0, z: 0}
  - {x: 0, y: 0, z: 0}
  - {x: 0, y: 0, z: 0}
  - {x: 0, y: 0, z: 0}
  - {x: 0, y: 0, z: 0}
  restPositions:
  - {x: 0, y: 0, z: 0, w: 1}
  - {x: 0.05, y: 0, z: 0, w: 1}
  - {x: 0.1, y: 0, z: 0, w: 1}
  - {x: 0.15, y: 0, z: 0, w: 1}
  - {x: 0.2, y: 0, z: 0, w: 1}
  - {x: 0.25, y: 0, z: 0, w: 1}
  - {x: 0.3, y: 0, z: 0, w: 1}
  - {x: 0.35000002, y: 0, z: 0, w: 1}
  - {x: 0.40000004, y: 0, z: 0, w: 1}
  - {x: 0.45000005, y: 0, z: 0, w: 1}
  - {x: 0.50000006, y: 0, z: 0, w: 1}
  - {x: 0, y: 0, z: 0, w: 0}
  - {x: 0, y: 0, z: 0, w: 0}
  - {x: 0, y: 0, z: 0, w: 0}
  - {x: 0, y: 0, z: 0, w: 0}
  - {x: 0, y: 0, z: 0, w: 0}
  - {x: 0, y: 0, z: 0, w: 0}
  - {x: 0, y: 0, z: 0, w: 0}
  - {x: 0, y: 0, z: 0, w: 0}
  - {x: 0, y: 0, z: 0, w: 0}
  - {x: 0, y: 0, z: 0, w: 0}
  orientations: []
  restOrientations: []
  velocities:
  - {x: 0, y: 0, z: 0}
  - {x: 0, y: 0, z: 0}
  - {x: 0, y: 0, z: 0}
  - {x: 0, y: 0, z: 0}
  - {x: 0, y: 0, z: 0}
  - {x: 0, y: 0, z: 0}
  - {x: 0, y: 0, z: 0}
  - {x: 0, y: 0, z: 0}
  - {x: 0, y: 0, z: 0}
  - {x: 0, y: 0, z: 0}
  - {x: 0, y: 0, z: 0}
  - {x: 0, y: 0, z: 0}
  - {x: 0, y: 0, z: 0}
  - {x: 0, y: 0, z: 0}
  - {x: 0, y: 0, z: 0}
  - {x: 0, y: 0, z: 0}
  - {x: 0, y: 0, z: 0}
  - {x: 0, y: 0, z: 0}
  - {x: 0, y: 0, z: 0}
  - {x: 0, y: 0, z: 0}
  - {x: 0, y: 0, z: 0}
  angularVelocities: []
  invMasses:
  - 10
  - 10
  - 10
  - 10
  - 10
  - 10
  - 10
  - 10
  - 10
  - 10
  - 10
  - 10
  - 10
  - 10
  - 10
  - 10
  - 10
  - 10
  - 10
  - 10
  - 10
  invRotationalMasses: []
  phases: 010000000100000001000000010000000100000001000000010000000100000001000000010000000100000001000000010000000100000001000000010000000100000001000000010000000100000001000000
  principalRadii:
  - {x: 0.05, y: 0.05, z: 0.05}
  - {x: 0.05, y: 0.05, z: 0.05}
  - {x: 0.05, y: 0.05, z: 0.05}
  - {x: 0.05, y: 0.05, z: 0.05}
  - {x: 0.05, y: 0.05, z: 0.05}
  - {x: 0.05, y: 0.05, z: 0.05}
  - {x: 0.05, y: 0.05, z: 0.05}
  - {x: 0.05, y: 0.05, z: 0.05}
  - {x: 0.05, y: 0.05, z: 0.05}
  - {x: 0.05, y: 0.05, z: 0.05}
  - {x: 0.05, y: 0.05, z: 0.05}
  - {x: 0.05, y: 0.05, z: 0.05}
  - {x: 0.05, y: 0.05, z: 0.05}
  - {x: 0.05, y: 0.05, z: 0.05}
  - {x: 0.05, y: 0.05, z: 0.05}
  - {x: 0.05, y: 0.05, z: 0.05}
  - {x: 0.05, y: 0.05, z: 0.05}
  - {x: 0.05, y: 0.05, z: 0.05}
  - {x: 0.05, y: 0.05, z: 0.05}
  - {x: 0.05, y: 0.05, z: 0.05}
  - {x: 0.05, y: 0.05, z: 0.05}
  colors:
  - {r: 1, g: 1, b: 1, a: 1}
  - {r: 1, g: 1, b: 1, a: 1}
  - {r: 1, g: 1, b: 1, a: 1}
  - {r: 1, g: 1, b: 1, a: 1}
  - {r: 1, g: 1, b: 1, a: 1}
  - {r: 1, g: 1, b: 1, a: 1}
  - {r: 1, g: 1, b: 1, a: 1}
  - {r: 1, g: 1, b: 1, a: 1}
  - {r: 1, g: 1, b: 1, a: 1}
  - {r: 1, g: 1, b: 1, a: 1}
  - {r: 1, g: 1, b: 1, a: 1}
  - {r: 1, g: 1, b: 1, a: 1}
  - {r: 1, g: 1, b: 1, a: 1}
  - {r: 1, g: 1, b: 1, a: 1}
  - {r: 1, g: 1, b: 1, a: 1}
  - {r: 1, g: 1, b: 1, a: 1}
  - {r: 1, g: 1, b: 1, a: 1}
  - {r: 1, g: 1, b: 1, a: 1}
  - {r: 1, g: 1, b: 1, a: 1}
  - {r: 1, g: 1, b: 1, a: 1}
  - {r: 1, g: 1, b: 1, a: 1}
  deformableTriangles: 
  initialScaleMatrix:
    e00: 1
    e01: 0
    e02: 0
    e03: 0
    e10: 0
    e11: 1
    e12: 0
    e13: 0
    e20: 0
    e21: 0
    e22: 1
    e23: 0
    e30: 0
    e31: 0
    e32: 0
    e33: 1
  initialized: 1
  ropePath: {fileID: 114871665618114194}
  thicknessFromParticles: 0
  thickness: 0.01
  resolution: 0.5
  smoothing: 1
  startPrefab: {fileID: 0}
  endPrefab: {fileID: 0}
  closed: 0
  interParticleDistance: 0.1
  restLength: 1
  usedParticles: 11
  totalParticles: 21
  startPrefabInstance: {fileID: 0}
  endPrefabInstance: {fileID: 0}
  pooledParticles: 10
  tearable: 0
  tearResistanceMultiplier: 1000
  tearPrefab: {fileID: 0}
  tearResistance:
  - 1
  - 1
  - 1
  - 1
  - 1
  - 1
  - 1
  - 1
  - 1
  - 1
  - 1
  - 1
  - 1
  - 1
  - 1
  - 1
  - 1
  - 1
  - 1
  - 1
  - 1
--- !u!114 &114752859291175830
MonoBehaviour:
  m_ObjectHideFlags: 1
  m_CorrespondingSourceObject: {fileID: 0}
  m_PrefabInternal: {fileID: 100100000}
  m_GameObject: {fileID: 1740167583521996}
  m_Enabled: 1
  m_EditorHideFlags: 0
  m_Script: {fileID: 11500000, guid: 62359d80fdc0e4315ab6331b78ec5b90, type: 3}
  m_Name: 
  m_EditorClassIdentifier: 
  kinematicForParticles: 0
--- !u!114 &114871665618114194
MonoBehaviour:
  m_ObjectHideFlags: 1
  m_CorrespondingSourceObject: {fileID: 0}
  m_PrefabInternal: {fileID: 100100000}
  m_GameObject: {fileID: 1151378640089908}
  m_Enabled: 1
  m_EditorHideFlags: 0
  m_Script: {fileID: 11500000, guid: 3e4127c7b12b64148ae536b798758eaf, type: 3}
  m_Name: 
  m_EditorClassIdentifier: 
  closed: 0
  controlPoints:
  - position: {x: -1, y: 0, z: 0}
    normal: {x: 0, y: 1, z: 0}
    inTangent: {x: -0.33, y: -0, z: -0}
    outTangent: {x: 0.33, y: 0, z: 0}
    tangentMode: 0
  - position: {x: 0, y: 0, z: 0}
    normal: {x: 0, y: 1, z: 0}
    inTangent: {x: -0.33, y: -0, z: -0}
    outTangent: {x: 0.33, y: 0, z: 0}
    tangentMode: 0
  arcLengthTable:
  - 0
  - 0.16574077
  - 0.33259264
  - 0.5
  - 0.6674074
  - 0.8342593
  - 1
  totalSplineLenght: 1
